<?xml version="1.0" encoding="UTF-8"?><collection xmlns="http://www.loc.gov/MARC21/slim"><record><leader>00605nam--2200205-i-4500</leader><controlfield tag="001">000009854</controlfield><controlfield tag="002">20161230</controlfield><controlfield tag="005">20161230201028</controlfield><controlfield tag="008">060222s1000------------r-----000-0-fre-d</controlfield><datafield ind1=" " ind2=" " tag="040"><subfield code="a">IFIN-HH</subfield></datafield><datafield ind1=" " ind2=" " tag="041"><subfield code="a">fre</subfield></datafield><datafield ind1=" " ind2=" " tag="080"><subfield code="a">539:539.12</subfield></datafield><datafield ind1="1" ind2=" " tag="100"><subfield code="a">Cottereau, M</subfield></datafield><datafield ind1="1" ind2="0" tag="245"><subfield code="a">Recueil de problemes de physique nucleaire et de physique des particules</subfield><subfield code="b">Preface de pr falk-vairant</subfield><subfield code="c">M. cottereau, f. lefebvres</subfield></datafield><datafield ind1=" " ind2=" " tag="260"><subfield code="a">Paris</subfield><subfield code="b">Masson Et C-ie, Editeurs</subfield><subfield code="c">1971</subfield></datafield><datafield ind1=" " ind2=" " tag="300"><subfield code="a">VIII+411P</subfield></datafield><datafield ind1=" " ind2=" " tag="490"><subfield code="a">Maitrise De Physique</subfield></datafield><datafield ind1="1" ind2=" " tag="700"><subfield code="a">Lefebvres, F</subfield></datafield><datafield ind1=" " ind2=" " tag="852"><subfield code="a">35733</subfield><subfield code="c">539</subfield></datafield><datafield ind1=" " ind2=" " tag="CAT"><subfield code="a">Sys</subfield><subfield code="c">20111006</subfield><subfield code="h">150933</subfield></datafield></record></collection>